@misc{wiki:Landau-Symbole,
  author       = {Wikipedia},
  title        = {{Landau-Symbole} --- {W}ikipedia{,} The Free Encyclopedia},
  year         = {2021},
  howpublished = {\url{http://de.wikipedia.org/w/index.php?title=Landau-Symbole&oldid=212674123}},
  note         = {[Online; accessed 05-June-2021]}
}