@misc{wiki:Urnenmodell,
  author       = {Wikipedia},
  title        = {{Urnenmodell} --- {W}ikipedia{,} Die freie Enzyklop채die},
  year         = {2021},
  howpublished = {\url{http://de.wikipedia.org/w/index.php?title=Urnenmodell&oldid=213704721}},
  note         = {[Online; abgerufen 06-November-2021]}
}

@misc{wiki:Kombination,
  author       = {Wikipedia},
  title        = {{Kombination (Kombinatorik)} --- {W}ikipedia{,} Die freie Enzyklop채die},
  year         = {2021},
  howpublished = {\url{http://de.wikipedia.org/w/index.php?title=Kombination\%20(Kombinatorik)&oldid=210516436}},
  note         = {[Online; abgerufen 09-November-2021]}
}

@misc{wiki:Variation,
  author       = {Wikipedia},
  title        = {{Variation (Kombinatorik)} --- {W}ikipedia{,} Die freie Enzyklop채die},
  year         = {2021},
  howpublished = {\url{http://de.wikipedia.org/w/index.php?title=Variation\%20(Kombinatorik)&oldid=215030271}},
  note         = {[Online; abgerufen 09-November-2021]}
}

@misc{wiki:Zufallsexperiment,
  author       = {Wikipedia},
  title        = {{Zufallsexperiment} --- {W}ikipedia{,} Die freie Enzyklop채die},
  year         = {2021},
  howpublished = {\url{http://de.wikipedia.org/w/index.php?title=Zufallsexperiment&oldid=205980272}},
  note         = {[Online; abgerufen 09-November-2021]}
}