@inproceedings{khachiyan1979,
  title        = {A polynomial algorithm in linear programming},
  author       = {Khachiyan, Leonid Genrikhovich},
  booktitle    = {Doklady Akademii Nauk},
  volume       = {244},
  number       = {5},
  pages        = {1093--1096},
  year         = {1979},
  organization = {Russian Academy of Sciences}
}

@inproceedings{karmarkar1984,
  title     = {A new polynomial-time algorithm for linear programming},
  author    = {Karmarkar, Narendra},
  booktitle = {Proceedings of the sixteenth annual ACM symposium on Theory of computing},
  pages     = {302--311},
  year      = {1984}
}